<record><leader>00000cas a2200000 a 4500</leader><controlfield tag="001">34042164</controlfield><controlfield tag="008">960117d1uuu1909miudn ne      0    0eng c</controlfield><datafield ind1=" " ind2=" " tag="010"><subfield code="a">sn 95077644 </subfield></datafield><datafield ind1=" " ind2=" " tag="040"><subfield code="a">MHN</subfield><subfield code="b">eng</subfield><subfield code="c">MHN</subfield><subfield code="d">OCL</subfield><subfield code="d">OCLCQ</subfield><subfield code="d">OCLCF</subfield><subfield code="d">OCLCO</subfield></datafield><datafield ind1="1" ind2=" " tag="029"><subfield code="a">AU@</subfield><subfield code="b">000012206197</subfield></datafield><datafield ind1=" " ind2=" " tag="042"><subfield code="a">pcc</subfield></datafield><datafield ind1=" " ind2=" " tag="043"><subfield code="a">n-us-mi</subfield></datafield><datafield ind1="0" ind2=" " tag="130"><subfield code="a">Ann Arbor daily news (Ann Arbor, Mich. : 1908)</subfield></datafield><datafield ind1="1" ind2="4" tag="245"><subfield code="a">The Ann Arbor daily news.</subfield></datafield><datafield ind1="1" ind2="3" tag="246"><subfield code="a">Daily news</subfield></datafield><datafield ind1=" " ind2=" " tag="260"><subfield code="a">Ann Arbor, Mich. :</subfield><subfield code="b">Ann Arbor Times Co.</subfield></datafield><datafield ind1=" " ind2=" " tag="300"><subfield code="a">v.</subfield></datafield><datafield ind1=" " ind2=" " tag="310"><subfield code="a">Daily (except Sun.)</subfield></datafield><datafield ind1="0" ind2=" " tag="362"><subfield code="a">-v. 18, no. 166 (July 16, 1908) ; 74th yr., no. 167 (July 17, 1908)-75th yr., no. 76 (Mar. 31, 1909).</subfield></datafield><datafield ind1=" " ind2=" " tag="580"><subfield code="a">Merged with: Ann Arbor daily times (Ann Arbor, Mich. : 1908), to form: Daily times news (Ann Arbor, Mich.).</subfield></datafield><datafield ind1=" " ind2=" " tag="588"><subfield code="a">Description based on: 75th yr., no. 1 (Jan. 2, 1909).</subfield></datafield><datafield ind1=" " ind2="0" tag="651"><subfield code="a">Ann Arbor (Mich.)</subfield><subfield code="v">Newspapers.</subfield></datafield><datafield ind1=" " ind2="0" tag="651"><subfield code="a">Washtenaw County (Mich.)</subfield><subfield code="v">Newspapers.</subfield></datafield><datafield ind1=" " ind2="7" tag="655"><subfield code="a">Newspapers.</subfield><subfield code="2">fast</subfield><subfield code="0">(OCoLC)fst01423814</subfield></datafield><datafield ind1=" " ind2="7" tag="651"><subfield code="a">Michigan</subfield><subfield code="z">Ann Arbor.</subfield><subfield code="2">fast</subfield><subfield code="0">(OCoLC)fst01204587</subfield></datafield><datafield ind1=" " ind2="7" tag="651"><subfield code="a">Michigan</subfield><subfield code="z">Washtenaw County.</subfield><subfield code="2">fast</subfield><subfield code="0">(OCoLC)fst01214739</subfield></datafield><datafield ind1=" " ind2=" " tag="752"><subfield code="a">United States</subfield><subfield code="b">Michigan</subfield><subfield code="c">Washtenaw</subfield><subfield code="d">Ann Arbor.</subfield></datafield><datafield ind1="1" ind2="7" tag="785"><subfield code="t">Ann Arbor daily times (Ann Arbor, Mich. : 1908)</subfield></datafield><datafield ind1="1" ind2="7" tag="785"><subfield code="t">Daily times news (Ann Arbor, Mich.)</subfield><subfield code="w">(DLC)sn 95077645</subfield><subfield code="w">(OCoLC)34042036</subfield></datafield></record>